

@misc{cmu-course,
  title={16-745: Optimal Control},
  author={Manchester, Zachary},
  howpublished={Course materials, Carnegie Mellon University},
  year={2023},
  note={Teaching Assistant: Kevin Tracy}
}
@book{kirk2004optimal,
  title={Optimal Control Theory: An Introduction},
  author={Kirk, Donald E.},
  year={2004},
  publisher={Dover Publications},
  address={Mineola, NY},
  note={Classic textbook on optimal control fundamentals}
}

@article{manchester2018dirtrel,
  title={{DIRTREL}: Robust Trajectory Optimization with Ellipsoidal Disturbances and {LQR} Feedback},
  author={Manchester, Zachary and Kuindersma, Scott},
  journal={Robotics: Science and Systems},
  year={2018},
  pages={1--10},
  doi={10.15607/RSS.2018.XIV.062}
}

@article{nocedal2006numerical,
  title={Numerical Optimization},
  author={Nocedal, Jorge and Wright, Stephen J.},
  journal={Springer Series in Operations Research},
  year={2006},
  publisher={Springer},
  address={New York},
  edition={Second},
  note={Comprehensive reference on optimization algorithms}
}